@book{handsOnWebAssembly,
  title={Game Development with WebAssembly},
  author={Rick Battagline},
  isbn={9781838646837},
  url={https://books.google.fr/books?id=sfeaDwAAQBAJ&printsec=frontcover&source=gbs_ge_summary_r&cad=0#v=onepage&q&f=false},
  year={2019},
  publisher={Packt}
}

@online{patel_blobs_2019,
	title = {Blobs in Games: Improving hexagon map storage diagram},
	url = {https://simblob.blogspot.com/2019/03/improving-hexagon-map-storage-diagram.html#more},
	author = {Patel, Amit},
	urldate = {2020-05-16},
	date = {2019},
	file = {Blobs in Games\: Improving hexagon map storage diagram:C\:\\Users\\hurom\\Zotero\\storage\\EL7UDKRB\\improving-hexagon-map-storage-diagram.html:text/html}
}